%%% ====================================================================
%%%  BibTeX-file{
%%%     author          = "Gerry Murray",
%%%     version         = "1.2",
%%%     date            = "2 April 2012",
%%%     filename        = "acmsmall-sample-bibfile.bib",
%%%     address         = "ACM, NY",
%%%     email           = "murray at hq.acm.org",
%%%     codetable       = "ISO/ASCII",
%%%     keywords        = "ACM Reference Format, bibliography, citation, references",
%%%     supported       = "yes",
%%%     docstring       = "This BibTeX database file contains 'bibdata' entries
%%%                        that 'match' the examples provided in the Specifications Document
%%%                        AND, also, 'legacy'-type bibs. It should assist authors in
%%%                        choosing the 'correct' at-bibtype and necessary bib-fields
%%%                        so as to obtain the appropriate ACM Reference Format output.
%%%                        It also contains many 'Standard Abbreviations'. "
%%%  }
%%% ====================================================================

% Journals

% First the Full Name is given, then the abbreviation used in the AMS Math
% Reviews, with an indication if it could not be found there.
% Note the 2nd overwrites the 1st, so swap them if you want the full name.

@article{newman2003mixing,
  title={Mixing patterns in networks},
  author={Newman, Mark EJ},
  journal={Physical review E},
  volume={67},
  number={2},
  pages={026126},
  year={2003},
  publisher={APS}
}

@inproceedings{alfred1959publicationes,
  title={Publicationes Mathematicae 6},
  author={Alfr{\'e}d, Erd{\H{o}}s P{\'e}ter--R{\'e}nyi},
  booktitle={On random graphs},
  volume={1},
  pages={290--297},
  year={1959}
}

@article{watts1998collective,
  title={Collective dynamics of 'small-world' networks},
  author={Watts, Duncan J. and Strogatz, Steven H.},
  journal={Nature},
  volume={393},
  number={6684},
  pages={440--442},
  year={1998},
  publisher={Nature Publishing Group},
  doi={10.1038/30918}
}

@article{barabasi1999emergence,
  title={Emergence of scaling in random networks},
  author={Barabási, Albert-László and Albert, Réka},
  journal={Science},
  volume={286},
  number={5439},
  pages={509--512},
  year={1999},
  publisher={American Association for the Advancement of Science},
  doi={10.1126/science.286.5439.509}
}

@article{kolmogorov1933sulla,
  title = {Sulla determinazione empirica di una legge di distribuzione},
  author = {Kolmogorov, Andrey N.},
  journal = {Giornale dell'Istituto Italiano degli Attuari},
  volume = {4},
  pages = {83--91},
  year = {1933}
}

@article{smirnov1948table,
  title = {Table for Estimating the Goodness of Fit of Empirical Distributions},
  author = {Smirnov, Nikolai},
  journal = {Annals of Mathematical Statistics},
  volume = {19},
  number = {2},
  pages = {279--281},
  year = {1948},
  doi = {10.1214/aoms/1177730256}
}

@article{sirbu2019algorithmic,
  title={Algorithmic bias amplifies opinion fragmentation and polarization: A bounded confidence model},
  author={S{\^\i}rbu, Alina and Pedreschi, Dino and Giannotti, Fosca and Kert{\'e}sz, J{\'a}nos},
  journal={PloS one},
  volume={14},
  number={3},
  pages={e0213246},
  year={2019},
  publisher={Public Library of Science San Francisco, CA USA}
}

@article{blondel2008fast,
  title={Fast unfolding of communities in large networks},
  author={Blondel, Vincent D and Guillaume, Jean-Loup and Lambiotte, Renaud and Lefebvre, Etienne},
  journal={Journal of statistical mechanics: theory and experiment},
  volume={2008},
  number={10},
  pages={P10008},
  year={2008},
  publisher={IOP Publishing}
}

@inproceedings{greene2010tracking,
  title={Tracking the evolution of communities in dynamic social networks},
  author={Greene, Derek and Doyle, Donal and Cunningham, Padraig},
  booktitle={2010 international conference on advances in social networks analysis and mining},
  pages={176--183},
  year={2010},
  organization={IEEE}
}

@article{rossetti2019cdlib,
  title={CDLIB: a python library to extract, compare and evaluate communities from complex networks},
  author={Rossetti, Giulio and Milli, Letizia and Cazabet, R{\'e}my},
  journal={Applied Network Science},
  volume={4},
  number={1},
  pages={1--26},
  year={2019},
  publisher={Springer}
}


